<?xml version="1.0" encoding="UTF-8"?><collection><record><leader>06910ntm a2200577 a 4500</leader><controlfield tag="001">006812946</controlfield><controlfield tag="003">MiAaHDL</controlfield><controlfield tag="005">20190719000000.0</controlfield><controlfield tag="006">m        d        </controlfield><controlfield tag="007">cr bn ---auaua</controlfield><controlfield tag="008">090604q14911492xx            00| ||per d</controlfield><datafield tag="035" ind1=" " ind2=" "><subfield code="a">(MiU)006812946</subfield></datafield><datafield tag="035" ind1=" " ind2=" "><subfield code="a">sdr-miu006812946</subfield></datafield><datafield tag="040" ind1=" " ind2=" "><subfield code="a">MiU</subfield><subfield code="c">MiU</subfield><subfield code="e">amremm</subfield></datafield><datafield tag="043" ind1=" " ind2=" "><subfield code="a">n-us-mi</subfield></datafield><datafield tag="100" ind1="0" ind2=" "><subfield code="6">880-01</subfield><subfield code="a">Jalāl al-Dīn Rūmī,</subfield><subfield code="c">Maulana,</subfield><subfield code="d">1207-1273.</subfield></datafield><datafield tag="240" ind1="1" ind2="0"><subfield code="6">880-02</subfield><subfield code="a">Mas̲navī</subfield></datafield><datafield tag="245" ind1="1" ind2="3"><subfield code="6">880-03</subfield><subfield code="a">al-Mas̲navī al-Maʻnavī,</subfield><subfield code="f">[897, i.e. 1491 or 1492].</subfield></datafield><datafield tag="246" ind1="3" ind2=" "><subfield code="a">المثنوی المولوی المعنوی ‬</subfield></datafield><datafield tag="246" ind1="3" ind2="1"><subfield code="a">Mathnawī al-Maʻnawī</subfield></datafield><datafield tag="246" ind1="3" ind2="0"><subfield code="i">Edge title (head):</subfield><subfield code="a">مثنوی</subfield></datafield><datafield tag="260" ind1=" " ind2=" "><subfield code="c">[1491 or 1492].</subfield></datafield><datafield tag="300" ind1=" " ind2=" "><subfield code="a">350 leaves :</subfield><subfield code="b">paper ;</subfield><subfield code="c">240 x 155 (140 x 72, 198 x 105) mm.</subfield></datafield><datafield tag="500" ind1=" " ind2=" "><subfield code="a">Shelfmark: Ann Arbor, University of Michigan, Special Collections Library, Isl. Ms. 295</subfield></datafield><datafield tag="500" ind1=" " ind2=" "><subfield code="a">Origin: As appears in colophon at close of fourth book (on margin of p.208) and in colophon at close of second book (p.510), copied by Ḥamd Allāh ibn Qavām al-Dīn Niẓām Bayāsānī [?] with transcription of fourth book completed 15 Jumādá II 896 [ca. 25 April 1491] and transcription of second book completed 7 Shaʻbān 896 [ca. 15 June 1491]. As appears in colophon on p.676, transcription of sixth book completed in 897 [1491 or 2]. As appears in final colophon on p.696, copying of third book completed in 896 [likely 1491].</subfield></datafield><datafield tag="500" ind1=" " ind2=" "><subfield code="a">Former shelfmark: "444 T. De M. [i.e. Tammaro De Marinis]" inscribed in pencil on verso of front flyleaf.</subfield></datafield><datafield tag="500" ind1=" " ind2=" "><subfield code="a">Binding: Pasteboards covered in red-brown leather ; Type II binding (with flap) ; pastedowns and flyleaves in shell 'marbled' paper in red and blue ; lining of fore edge flap in block-printed textile (floral pattern in red and black) and same shell 'marbled' paper ; upper and lower covers carry scalloped mandorla (stamped gold onlays with symmetrical composition) and pendants, as well as gold-stamped guilloché border in a series of s-shaped stamps ; design continues on flap ; sewn in pink and then green thread, two stations ; worked chevron endbands in pink, yellow and dark blue, good condition ; overall in fairly good condition though likely not original and ill-fitting text block (flap too small) with some abrasion, minor pest damage, etc. ; housed in box for protection.</subfield></datafield><datafield tag="500" ind1=" " ind2=" "><subfield code="a">Support: non-European (likely Persian) laid paper with roughly 8 laid lines per cm. (chiefly vertical, fairly indistinct) and no chain lines plainly visible, dense and sturdy though transluscent, dark cream to beige in color, well-burnished ; some moisture damage, staining and tide lines, pest damage ; repairs in non-European laid and wove paper.</subfield></datafield><datafield tag="500" ind1=" " ind2=" "><subfield code="a">Decoration: Exquisite illuminated headpiece (ʻunwān / sarlawḥ) at opening of each mujallad, for the first three books being rectangular pieces gold or lapis cartouche carrying title in white surrounded by arabesques, interlace, and floral motifs on grounds of gold and lapis with black, red, light blue, white, and turquoise / pistachio accents (see pp.2, 226, 512) and for the final three books (appearing on the margins) more typically diamond shapes of similar composition (see pp.2, 210, 522) ; written area and ruled margins throughout surrounded by gold frame with divisions within defined by narrow gold bands (outlined in black) ; keywords and section headings rubricated.</subfield></datafield><datafield tag="500" ind1=" " ind2=" "><subfield code="a">Script: Nastaʻlīq ; elegant hand in a medium line ; characteristically serifless with gentle effect of words descending to baseline, elongation and contrasting thickness of horizontal strokes, sweeping descenders, pointing (somewhat casual) in distinct dots ; opening Arabic preface (and opening of fourth mujallad) in naskh, an elegant spacious hand, serifless with some sweeping descenders, adhering closely to baseline, pointing in distinct dots, extensively vocalized.</subfield></datafield><datafield tag="500" ind1=" " ind2=" "><subfield code="a">Layout: Written in 20 lines per page in central written area, divided to two columns with an additional 42 lines on the diagonal in the margins ; frame-ruled.</subfield></datafield><datafield tag="500" ind1=" " ind2=" "><subfield code="a">Collation: iv, IV+1 (10), 41 IV (338), 2 III ( 350), iii ; almost exclusively quaternions ; middle of the quire marks in the form of oblique strokes in black in in the upper outer corner of the right-hand leaf and lower outer corner of the left-hand leaf ; catchwords present (though occasionally lost to trimming) ; pagination in pencil, Western numerals, supplied during cataloguing.</subfield></datafield><datafield tag="500" ind1=" " ind2=" "><subfield code="a">Colophon: [fourth book] "Scribal," triangular, reads "تمه المجلد الرابع من المثنوی فی یوم الاربعا خامس عشر شهر جمادی الاخر سنه سته تسعین وثمانمایه کتبه الفقیر حمد الله نظام بیاسانی [؟]" ; [second book] "Scribal," triangular, reads تمه المجلد الثانی من کتاب المثنوی المعنوی فی یوم الخامس سابع شعبان المعظم سنه سته تسعین وثمانمايه العبد الخالی [؟] حمد الله ابن قوام الدین نظام بیاسانی [؟]""</subfield></datafield><datafield tag="500" ind1=" " ind2=" "><subfield code="a">Incipit: "هذا کتاب المثنوی وهو اصول اصول الدین فی کشف اسرار الاصل والیقین ..."</subfield></datafield><datafield tag="500" ind1=" " ind2=" "><subfield code="a">Title from colophon of second book on p.510.</subfield></datafield><datafield tag="500" ind1=" " ind2=" "><subfield code="a">Ms. codex.</subfield></datafield><datafield tag="510" ind1="4" ind2=" "><subfield code="a">Cat. Pers. MSS. Brit. Mus.,</subfield><subfield code="c">p. 584b</subfield></datafield><datafield tag="520" ind1="8" ind2=" "><subfield code="a">Elegant copy of Mawlānā Jalāl al-Dīn Rūmī’s didactic poetical work in double verses with Arabic preface. Text of the first three books (mujallad / daftar) appears in the central written area with the text of the final three books provided concurrently on the diagonal in the margins. Contributions to the cataloguing from Elizabeth Kunze.</subfield></datafield><datafield tag="538" ind1=" " ind2=" "><subfield code="a">Mode of access: Internet.</subfield></datafield><datafield tag="541" ind1=" " ind2=" "><subfield code="c">Purchase ;</subfield><subfield code="a">Acquired by purchase (funds donated by Horace Rackham).</subfield><subfield code="d">1924.</subfield></datafield><datafield tag="546" ind1=" " ind2=" "><subfield code="a">Persian.</subfield></datafield><datafield tag="561" ind1=" " ind2=" "><subfield code="a">Oval seal impression on margin of p.135 ; effaced statements flanking final colophon on p.696 ; possible further effaced seal impressions on p.3 and p.17 ; numerous marginal corrections.</subfield></datafield><datafield tag="650" ind1=" " ind2="0"><subfield code="a">Manuscripts, Persian</subfield><subfield code="z">Michigan</subfield><subfield code="z">Ann Arbor.</subfield></datafield><datafield tag="650" ind1=" " ind2="0"><subfield code="a">Persian poetry</subfield><subfield code="y">747-1500.</subfield></datafield><datafield tag="650" ind1=" " ind2="0"><subfield code="a">Masnavis, Persian</subfield><subfield code="v">Early works to 1800.</subfield></datafield><datafield tag="650" ind1=" " ind2="0"><subfield code="a">Sufi poetry, Persian</subfield><subfield code="v">Early works to 1800.</subfield></datafield><datafield tag="655" ind1=" " ind2="7"><subfield code="a">Headpieces (layout features)</subfield><subfield code="y">15th century.</subfield><subfield code="2">aat</subfield></datafield><datafield tag="700" ind1="0" ind2=" "><subfield code="6">880-07</subfield><subfield code="a">Ḥamd Allāh ibn Qavām al-Dīn Niẓām Bayāsānī,</subfield><subfield code="d">fl. 1492,</subfield><subfield code="e">scribe.</subfield></datafield><datafield tag="700" ind1="0" ind2=" "><subfield code="a">Abdülhamid</subfield><subfield code="b">II,</subfield><subfield code="c">Sultan of the Turks,</subfield><subfield code="d">1842-1918,</subfield><subfield code="e">former owner.</subfield></datafield><datafield tag="773" ind1="0" ind2=" "><subfield code="a">Abdul Hamid Collection.</subfield></datafield><datafield tag="880" ind1="0" ind2=" "><subfield code="6">700-07/</subfield><subfield code="a">حمد الله بن قوام الدين نظام بياسانى،</subfield><subfield code="e">ناسخ.</subfield></datafield><datafield tag="880" ind1="1" ind2="2"><subfield code="6">245-03/</subfield><subfield code="a">المثنوي المعنوي,</subfield><subfield code="f">[897ه, 1491 يا 1492م].</subfield></datafield><datafield tag="880" ind1="1" ind2="0"><subfield code="6">240-02/</subfield><subfield code="a">مثنوي</subfield></datafield><datafield tag="880" ind1="0" ind2=" "><subfield code="6">100-01/</subfield><subfield code="a">جلال الدين رومى,</subfield><subfield code="c">مولانا.</subfield></datafield><datafield tag="CID" ind1=" " ind2=" "><subfield code="a">006812946</subfield></datafield><datafield tag="DAT" ind1="0" ind2=" "><subfield code="a">20190719102637.0</subfield><subfield code="b">20190719000000.0</subfield></datafield><datafield tag="DAT" ind1="1" ind2=" "><subfield code="a">20190719090653.0</subfield><subfield code="b">2019-07-19T16:12:02Z</subfield></datafield><datafield tag="DAT" ind1="2" ind2=" "><subfield code="a">2015-10-02T18:00:03Z</subfield></datafield><datafield tag="CAT" ind1=" " ind2=" "><subfield code="a">SDR-MIU</subfield><subfield code="d">EX LIBRIS - ALEPH</subfield><subfield code="l">prepare.pl-004-008</subfield></datafield><datafield tag="FMT" ind1=" " ind2=" "><subfield code="a">BK</subfield></datafield><datafield tag="HOL" ind1=" " ind2=" "><subfield code="0">sdr-miu006812946</subfield><subfield code="a">MiU</subfield><subfield code="b">SDR</subfield><subfield code="c">MIU</subfield><subfield code="p">mdp.39015079128131</subfield><subfield code="s">MIU</subfield><subfield code="1">006812946</subfield></datafield><datafield tag="974" ind1=" " ind2=" "><subfield code="b">MIU</subfield><subfield code="c">MIU</subfield><subfield code="d">20190719</subfield><subfield code="s">lit-dlps-dc</subfield><subfield code="u">mdp.39015079128131</subfield><subfield code="y">1492</subfield><subfield code="r">pd</subfield><subfield code="q">bib</subfield><subfield code="t">non-US bib date2 &lt; 1879</subfield></datafield></record></collection>